% bmc_article.bib
% 
%  An example of bibtex entries.
%  Entries taken from BMC instructions for authors page.

% uncomment next line to make author-year bibliography
% @settings{label, options="nameyear"}

% --- Página WEB
@book{sintes2002aprenda,
  author        = {Sintes, Anthony},
  title         = {Aprenda Programação Orientada a objetos em 21 dias},
  year          = {2002},
  publisher	= {Pearson Education do Brasil}
}

@book{deitel2010java,
  title={Java: Como programar. 8{\textordfeminine} Edi{\c{c}}{\~a}o},
  author={Deitel, Paul J.; Deitel, Harvey M.},
  year={2010},
  publisher={Pearson}
}

@book{deitel2017java,
  title={Java 8: Como programar. 10{\textordfeminine} Edi{\c{c}}{\~a}o},
  author={Deitel, Paul J.; Deitel, Harvey M.},
  year={2016},
  publisher={Pearson}
}

@book{horstmann2013core,
  title={Core Java 2: Volume I, Fundamentals},
  author={Horstmann, Cay S and Cornell, Gary},
  year={2013},
  publisher={Pearson Education}
}

@book{horstmann2010core,
  title={Core Java, volume 1: fundamentos},
  author={Horstmann, C.S. and Cornell, G.},
  isbn={9788576053576},
  url={https://books.google.com.br/books?id=8sFUQgAACAAJ},
  year={2010},
  publisher={Pearson Education do Brasil}
}

@book{schildt2015java,
  title={Java para Iniciantes},
  author={Schildt, Herbert},
  year={2015},
  publisher={Bookman Editora}
}

@article{pressman2011engenharia,
  title={Engenharia de software: uma abordagem profissional. 7{\textordfeminine} Edi{\c{c}}{\~a}o},
  author={Pressman, Roger S},
  journal={Ed: McGraw Hill},
  year={2011}
}

@book{sommerville2011engenharia,
  title={Engenharia de software},
  author={Sommerville, Ian and Melnikoff, Selma Shin Shimizu and Arakaki, Reginaldo and de Andrade Barbosa, 
Edilson},
  volume={9},
  year={2011},
  publisher={Pearson Education do Brasil}
}